@book{Stallings,
  author = {William Stallings},
  year = {2005},
  title = {Cryptography And Network Security: Principles and Practices},
  publisher = {Prentice Hall},
  edition        = {4},
  isbn           = {978-0131873162},
}

@book{Hoffstein,
  author = {{Jeffrey Hoffstein, Jill Pipher, Joseph Silverman}},
  year = {2014},
  title = {An Introduction to Mathematical Cryptography},
  publisher = {Springer},
  edition = {2},
  isbn           = {978-0-387-77994-2},
}

@book{Galbraith,
  author = {Steven Galbraith},
  year = {2018},
  title = {Mathematics of Public Key Cryptography},
  publisher = {Cambridge},
  edition = {2}
}

@book{Judson,
  author = {Thomas Judson},
  year = {2012},
  title = {Abstract Algebra. Theory and Applications},
  publisher = {Stephen F. Austin State University},
}

@book{Gashkov,
  author = {\foreignlanguage{russian}{С.Б. Гашков, Э.А. Применко, М.А. Черепнев}},
  year = {2010},
  title = {\foreignlanguage{russian}{Криптографические методы защиты информации}},
  publisher = {Publishing House Akademia},
  isbn={978-5-7695-4962-5}
}

@book{Tarannikov,
  author = {\foreignlanguage{russian}{Ю.В. Таранников}},
  title = {\foreignlanguage{russian}{Дискретная математика. Задачник. Учебное пособие для академического бакалавриата}},
  year = {2016},
  isbn           = {9785991662833},
  publisher      = {\foreignlanguage{russian}{Юрайт}},
}

@book{Losi,
  author = {\foreignlanguage{russian}{А.Б. Лось, А.Ю. Нестеренко, М.И. Рожков}},
  title = {\foreignlanguage{russian}{Криптографические методы защиты инфомации. Учебник}},
  edition        = {2},
  isbn           = {978-5-534-01530-0},
  publisher      = {\foreignlanguage{russian}{Юрайт}},
}